<?xml version="1.0" encoding="UTF-8"?><collection xmlns="http://www.loc.gov/MARC21/slim"><record><leader>00577nam--2200169-i-4500</leader><controlfield tag="001">000030480</controlfield><controlfield tag="002">20161230</controlfield><controlfield tag="005">20161230201038</controlfield><controlfield tag="008">060222s1000------------r-----000-0-eng-d</controlfield><datafield ind1=" " ind2=" " tag="040"><subfield code="a">IFIN-HH</subfield></datafield><datafield ind1=" " ind2=" " tag="080"><subfield code="a">539.143.43(061.3)</subfield></datafield><datafield ind1="1" ind2=" " tag="100"><subfield code="a">Ursu, I</subfield></datafield><datafield ind1="1" ind2="0" tag="245"><subfield code="a">Magnetic resonance and related phenomena</subfield><subfield code="b">Proceedingsof the xvith congress ampere bucharest, 1-5 september 1970</subfield><subfield code="c">I. ursu (ed.)</subfield></datafield><datafield ind1=" " ind2=" " tag="260"><subfield code="a">Bucharest</subfield><subfield code="b">Publishing House Of The Academy Of The Socialist Republic Of Romania</subfield><subfield code="c">1971</subfield></datafield><datafield ind1=" " ind2=" " tag="300"><subfield code="a">XXXIII+1192P</subfield></datafield><datafield ind1=" " ind2=" " tag="852"><subfield code="a">35609</subfield><subfield code="c">539.143.43</subfield></datafield><datafield ind1=" " ind2=" " tag="CAT"><subfield code="a">Sys</subfield><subfield code="c">20120507</subfield><subfield code="h">171934</subfield></datafield></record></collection>